<record><leader>00000cas a22000007a 4500</leader><controlfield tag="001">11176878</controlfield><controlfield tag="008">840920d18751905inuwr ne      0    0eng d</controlfield><datafield ind1=" " ind2=" " tag="010"><subfield code="a">sn 84038015 </subfield></datafield><datafield ind1=" " ind2=" " tag="040"><subfield code="a">NPX</subfield><subfield code="b">eng</subfield><subfield code="c">NPX</subfield><subfield code="d">NPI</subfield><subfield code="d">OCLCQ</subfield></datafield><datafield ind1=" " ind2=" " tag="042"><subfield code="a">msc</subfield></datafield><datafield ind1="0" ind2="0" tag="245"><subfield code="a">Richmond weekly palladium.</subfield></datafield><datafield ind1=" " ind2=" " tag="260"><subfield code="a">Richmond, Ind. :</subfield><subfield code="b">Jenkinson &amp; Cullaton</subfield></datafield><datafield ind1=" " ind2=" " tag="310"><subfield code="a">Weekly</subfield></datafield><datafield ind1="1" ind2=" " tag="362"><subfield code="a">Began in Fall 1875.</subfield></datafield><datafield ind1="1" ind2=" " tag="362"><subfield code="a">Ceased in late 1905.</subfield></datafield><datafield ind1=" " ind2=" " tag="580"><subfield code="a">Published in a daily ed. called Jan. 1876-Jan. 1904: Richmond daily palladium (Richmond, Ind. : 1876); Jan. 1904-June 1905, Daily palladium (Richmond, Ind.); June 1905-Mar. 1906; Richmond daily palladium (Richmond, Ind. : 1905).</subfield></datafield><datafield ind1=" " ind2=" " tag="588"><subfield code="a">Description based on: Vol. 45, no. 39 = whole no. 2327 (Dec. 9, 1875).</subfield></datafield><datafield ind1=" " ind2=" " tag="752"><subfield code="a">United States</subfield><subfield code="b">Indiana</subfield><subfield code="c">Wayne</subfield><subfield code="d">Richmond.</subfield></datafield><datafield ind1="1" ind2=" " tag="775"><subfield code="t">Richmond daily palladium (Richmond, Ind. : 1876)</subfield><subfield code="w">(DLC)sn 84038016</subfield></datafield><datafield ind1="1" ind2=" " tag="775"><subfield code="t">Daily palladium (Richmond, Ind.)</subfield><subfield code="w">(DLC)sn 86058251</subfield></datafield><datafield ind1="1" ind2=" " tag="775"><subfield code="t">Richmond daily palladium (Richmond, Ind. : 1905)</subfield><subfield code="w">(DLC)sn 86058252</subfield></datafield><datafield ind1="0" ind2="0" tag="780"><subfield code="t">Richmond palladium (Richmond, Ind. : 1855 : Weekly)</subfield><subfield code="w">(DLC)sn 86058250</subfield></datafield><datafield ind1="0" ind2="0" tag="785"><subfield code="t">Farm palladium</subfield></datafield></record>